@book{annbook, title={Neural Networks: Comprehensive Foundation}, author={Haykin, S.}, year={1999}}

@article{1, 
	title={Brain-Computer Music Interfacing (BCMI): From Basic Research to the Real World of Special Needs}, 		
	volume={3}, 
	number={3}, 
	journal={Music and Medicine}, 
	author={ E. R. Miranda and W. L. Magee  and J. J. Wilson  and J.  Eaton and R. Palaniappan }, 
	year={2011}, 
	month={Jul}, 
	pages={134–140}}

@INPROCEEDINGS{2,
	AUTHOR = {S. Le Groux and P. Verschure},
	TITLE = {Neuromuse: Training Your Brain Through Musical Interaction},
	BOOKTITLE = {Proceedings of the International Conference on Auditory Display},
	MONTH = {Jan},
	YEAR = {2009}	}
	
@article{3, 
	Title={Brain-Computer Music Interface for Composition and Performance}, 
	volume={5}, 
	number={2}, 
	journal={International Journal on Disability and Human Development}, 
	author={Eduardo Reck Miranda}, 
	year={2006}}

@misc{4, 
	title={EMOTIV EPOC 14-Channel Wireless EEG Headset},
	 url={https://www.emotiv.com/epoc/}, 
	 journal={EMOTIV}}}

@article{5, 
	Title={The Space Between Us: Evaluating A Multi-User Affective Brain-Computer Music Interface}, 
	volume={2},
	number={2-3}, 
	journal={Brain-Computer Interfaces}, 
	author={Joel Eaton and Duncan Williams  and Eduardo Miranda }, 
	year={2015}, 
	month={Mar}, 
	pages={103–116}}

@article{6, 
	title={Improvising with an Audience-Controlled Robot Performer}, 
	journal={Proceedings of the 2018 on Designing Interactive Systems Conference 2018 - DIS 18}, 
	author={Claire Mikalauskas  and Tiffany Wun  and Kevin Ta and Joshua Horacsek  and Lora Oehlberg },
	year={2018}}

@INPROCEEDINGS{7,
	AUTHOR = {C. Levican and A. Aparicio and V. Belaunde and R. Cadiz },
	TITLE = {Insight2OSC: Using The Brain And The Body As A Musical Instrument With The Emotiv Insight},
	BOOKTITLE = {Proc. NIME'17},
	MONTH = {May},
	YEAR = {2017}}

@INPROCEEDINGS{8,
	AUTHOR = {T. Hamano and T. Rutkowski and H. Terasawa and K. Okanoya and K. Furukawa},
	TITLE = {Generating an Integrated Musical Expression with a Brain-Computer Interface},
	BOOKTITLE = {Proc. NIME'13},
	MONTH = {May}, 
	YEAR = {2013}}

@INPROCEEDINGS{9,
	AUTHOR = {T. Tokunaga and M. Lyons},
	TITLE = {Enactive Mandala: Audio-visualizing Brain Waves},
	BOOKTITLE = {Proc. NIME'13},
	MONTH = {May},
	YEAR = {2013}}

@INPROCEEDINGS{10,
	AUTHOR = {A. Mura and J. Manzolli and B. Rezazadeh and S. Le Groux and M. Sanchez and A. Väljamäe and A. Luvizotto and C. Guger and U. Bernardet and P. Verschure},
	TITLE = {Disembodied and Collaborative Musical Interaction in the Multimodal Brain Orchestra},
	BOOKTITLE = {Proc. NIME'10},
	YEAR = {2010}}

@article{11, 
	Title={Performance Of The Emotiv Epoc Headset For P300-Based Applications}, 
	volume={12},
	number={1}, 
	journal={BioMedical Engineering OnLine}, 
	author={Matthieu Duvinage and Thierry Castermans and Mathieu Petieau  and Thomas Hoellinger and Guy Cheron	 and Thierry Dutoit}, 
	year={2013}, 
	pages={56}}

@article{12, 
	Title={Validation Of The Emotiv EPOC EEG System For Research Quality Auditory Event-Related Potentials In Children}, 
	volume={3}, 
	journal={PeerJ}, 
	author={Nicholas A. Badcock and Kathryn A. Preece and Bianca De Wit  and Katharine Glenn and Nora Fieder and Johnson Thie and Genevieve Mcarthur}, 
	year={2015}}
	 
@article{13, 
title={Validation of the Emotiv EPOC®EEG gaming system for measuring research quality auditory ERPs}, 
	volume={1},
	journal={PeerJ}, 
	author={Nicholas A. Badcock and Petroula Mousikou  and Yatin Mahajan and Peter De Lissa  and Johnson Thie and Genevieve Mcarthur}, 
	year={2013}}

@article{14, 
	title={EEG Signal Classification Using Wavelet Feature Extraction and Neural Networks}, 
	journal={IEEE John Vincent Atanasoff 2006 International Symposium on Modern Computing (JVA06)},
	author={Pari Jahankhani and Vassilis Kodogiannis and Kenneth Revett}, 
	year={2006}}

@article{15, 
	title={Accessible Digital Musical Instruments—A Review of Musical Interfaces in Inclusive Music Practice},
	volume={3}, 
	number={3}, 
	journal={Multimodal Technologies and Interaction}, 
	author={Emma Frid}, 
	year={2019}, 
	pages={57}}

@article{facialexpressionpaper, 
Title={Facial Expression Classification Using EEG And Gyroscope Signals},
 DOI={10.1109/embc.2017.8036999}, 
 journal={2017 39th Annual International Conference of the IEEE Engineering in Medicine and Biology Society (EMBC)}, author={Jake Toth and Mahnaz Arvaneh}, 
 year={2017}}

@article{facialexpressionpaper2, 
	title={An Approach for Brain-Controlled Prostheses Based on a Facial Expression Paradigm}, 
	volume={12},
	journal={Frontiers in Neuroscience}, 
	author={Rui Li and Xiaodong Zhang and Zhufeng  Lu and Chang Liu  and Hanzhe Li  and Weihua Sheng  and Randolph Odekhe}, 
	year={2018}}

@INPROCEEDINGS{gsu:facialexpression, 
author={J. {Kuffuor} and B. {Samanta}}, 
booktitle={SoutheastCon 2018}, 
title={Brain Computer Interface Using Motor Imagery and Facial Expressions to Control A Mobile Robot}, 
year={2018}, 
volume={}, 
number={}, 
pages={1-8}, 
keywords={brain-computer interfaces;electroencephalography;feature extraction;medical signal processing;mobile robots;signal classification;support vector machines;electroencephalography;EEG;feature extraction;support vector machine based classifiers;SVM;signal recognition;MI signals;BCI;mobile robot;facial expressions;motor imagery;brain computer interface;Feature extraction;Electroencephalography;Data acquisition;Support vector machines;Brain computer interface;common spatial patterns;electroencephalography;facial expression;independent component analysis;motor imagery;power spectral Density;support vector machine}, 
doi={10.1109/SECON.2018.8479052}, 
ISSN={1091-0050}, 
month={April},}


@article{inMIdefense3, title={Brain–Computer Interfaces: A Gentle Introduction}, DOI={10.1007/978-3-642-02091-9_1}, journal={Brain-Computer Interfaces The Frontiers Collection}, author={Graimann, Bernhard and Allison, Brendan and Pfurtscheller, Gert}, year={2009}, pages={1–27}}

@article{inMIdefense1, title={EEG-Based Brain-Computer Interfaces Using Motor-Imagery: Techniques and Challenges}, volume={19}, DOI={10.3390/s19061423}, number={6}, journal={Sensors}, author={Padfield, Natasha and Zabalza, Jaime and Zhao, Huimin and Masero, Valentin and Ren, Jinchang}, year={2019}, pages={1423}}

@article{overallbandpaper, 
	title={Cognitive Load Assessment from EEG and Peripheral Biosignals for the Design of Visually Impaired Mobility Aids}, 
	volume={2018}, DOI={10.1155/2018/8971206}, 
	journal={Wireless Communications and Mobile Computing}, 
	author={Saitis, Charalampos and Parvez, Mohammad Zavid and Kalimeri, Kyriaki}, year={2018}, pages={1–9}}

@article{alphatheta, 
	title={EEG alpha and theta oscillations reflect cognitive and memory performance: a review and analysis}, 
	volume={29}, 
	number={2-3}, 
	journal={Brain Research Reviews}, 
	author={Klimesch, Wolfgang}, year={1999}, pages={169–195}}

@article{alphabeta,
	 title={EEG alpha activity reflects attentional demands, and beta activity reflects emotional and cognitive processes}, 
	 volume={228}, 
	 number={4700}, 
	 journal={Science}, 
	 author={Ray, W. and Cole, H.}, year={1985}, month={Oct}, pages={750–752}}
	
@article{gamma, 
	title={Human Gamma Band Activity and Perception of a Gestalt}, 
	volume={19}, DOI={10.1523/jneurosci.19-16-07152.1999}, 
	number={16}, journal={The Journal of Neuroscience}, 
	author={Keil, Andreas and Müller, Matthias M. and Ray, William J. and Gruber, Thomas and Elbert, Thomas}, 
	year={1999}, pages={7152–7161}}